@article{brockman2016openai,
  title={OpenAI Gym},
  author={Brockman, Greg and Cheung, Vicki and Pettersson, Ludwig and Schneider, Jonas and Schulman, John and Tang, Jie and Zaremba, Wojciech},
  journal={arXiv preprint arXiv:1606.01540},
  year={2016}
}

@book{sutton1998introduction,
  title={Introduction to reinforcement learning},
  author={Sutton, Richard S and Barto, Andrew G},
  volume={135},
  year={1998},
  publisher={MIT Press Cambridge}
}

@article{mnih2015human,
  title={Human-level control through deep reinforcement learning},
  author={Mnih, Volodymyr and Kavukcuoglu, Koray and Silver, David and Rusu, Andrei A and Veness, Joel and Bellemare, Marc G and Graves, Alex and Riedmiller, Martin and Fidjeland, Andreas K and Ostrovski, Georg and others},
  journal={Nature},
  volume={518},
  number={7540},
  pages={529--533},
  year={2015},
  publisher={Nature Publishing Group}
}

@article{silver2016mastering,
  title={Mastering the game of Go with deep neural networks and tree search},
  author={Silver, David and Huang, Aja and Maddison, Chris J and Guez, Arthur and Sifre, Laurent and Van Den Driessche, George and Schrittwieser, Julian and Antonoglou, Ioannis and Panneershelvam, Veda and Lanctot, Marc and others},
  journal={Nature},
  volume={529},
  number={7587},
  pages={484--489},
  year={2016},
  publisher={Nature Publishing Group}
}

@article{mnih2013playing,
	title={Playing atari with deep reinforcement learning},
	author={Mnih, Volodymyr and Kavukcuoglu, Koray and Silver, David and Graves, Alex and Antonoglou, Ioannis and Wierstra, Daan and Riedmiller, Martin},
	journal={arXiv preprint arXiv:1312.5602},
	year={2013}
}

@article{mnih2016asynchronous,
	title={Asynchronous methods for deep reinforcement learning},
	author={Mnih, Volodymyr and Badia, Adria Puigdomenech and Mirza, Mehdi and Graves, Alex and Lillicrap, Timothy P and Harley, Tim and Silver, David and Kavukcuoglu, Koray},
	journal={arXiv preprint arXiv:1602.01783},
	year={2016}
}

@article{hausknecht2015deep,
	title={Deep recurrent q-learning for partially observable mdps},
	author={Hausknecht, Matthew and Stone, Peter},
	journal={arXiv preprint arXiv:1507.06527},
	year={2015}
}

@article{van2015deep,
  title={Deep reinforcement learning with double Q-learning},
  author={Van Hasselt, Hado and Guez, Arthur and Silver, David},
  journal={CoRR, abs/1509.06461},
  year={2015}
}

@inproceedings{silver2007reinforcement,
  title={Reinforcement Learning of Local Shape in the Game of Go.},
  author={Silver, David and Sutton, Richard S and M{\"u}ller, Martin},
  booktitle={IJCAI},
  volume={7},
  pages={1053--1058},
  year={2007}
}

@article{narasimhan2015language,
  title={Language understanding for text-based games using deep reinforcement learning},
  author={Narasimhan, Karthik and Kulkarni, Tejas and Barzilay, Regina},
  journal={arXiv preprint arXiv:1506.08941},
  year={2015}
}

@article{wang2015dueling,
	title={Dueling network architectures for deep reinforcement learning},
	author={Wang, Ziyu and de Freitas, Nando and Lanctot, Marc},
	journal={arXiv preprint arXiv:1511.06581},
	year={2015}
}

@article{adam2012experience,
	title={Experience replay for real-time reinforcement learning control},
	author={Adam, Sander and Busoniu, Lucian and Babuska, Robert},
	journal={IEEE Transactions on Systems, Man, and Cybernetics, Part C (Applications and Reviews)},
	volume={42},
	number={2},
	pages={201--212},
	year={2012},
	publisher={IEEE}
}
